@article{nielsen2015neural,
  title={Neural Networks and Deep Learning},
  author={Nielsen, Michael A},
  journal={URL: http://neuralnetworksanddeeplearning. com/.(visited: 01.11. 2014)},
  year={2015}
}